<record><leader>00000cas a22000007a 4500</leader><controlfield tag="001">19129855</controlfield><controlfield tag="008">890209d185518uudeuwr ne      0    0eng d</controlfield><datafield ind1=" " ind2=" " tag="010"><subfield code="a">sn 89099200 </subfield></datafield><datafield ind1=" " ind2=" " tag="040"><subfield code="a">DEX</subfield><subfield code="b">eng</subfield><subfield code="c">DEX</subfield><subfield code="d">OCLCQ</subfield><subfield code="d">DLC</subfield></datafield><datafield ind1=" " ind2=" " tag="042"><subfield code="a">msc</subfield></datafield><datafield ind1="0" ind2="0" tag="245"><subfield code="a">Weekly Delaware State journal, statesman and blue hen's chicken.</subfield></datafield><datafield ind1="3" ind2="0" tag="246"><subfield code="a">Journal and statesman</subfield></datafield><datafield ind1=" " ind2=" " tag="260"><subfield code="a">Wilmington, Del. :</subfield><subfield code="b">Henry Eckel</subfield></datafield><datafield ind1=" " ind2=" " tag="300"><subfield code="a">v.</subfield></datafield><datafield ind1=" " ind2=" " tag="310"><subfield code="a">Weekly</subfield></datafield><datafield ind1="1" ind2=" " tag="362"><subfield code="a">Began in 1855.</subfield></datafield><datafield ind1=" " ind2=" " tag="580"><subfield code="a">Semiweekly edition: Delaware State journal and statesman.</subfield></datafield><datafield ind1=" " ind2=" " tag="588"><subfield code="a">Description based on: Vol. 25, no. 34 (Aug. 28, 1857).</subfield></datafield><datafield ind1=" " ind2=" " tag="752"><subfield code="a">United States</subfield><subfield code="b">Delaware</subfield><subfield code="c">New Castle</subfield><subfield code="d">Wilmington.</subfield></datafield><datafield ind1="1" ind2=" " tag="775"><subfield code="t">Delaware State journal and statesman</subfield><subfield code="x">2574-6723</subfield><subfield code="w">(DLC)sn 84038112</subfield><subfield code="w">(OCoLC)11173845</subfield></datafield><datafield ind1="0" ind2="0" tag="785"><subfield code="t">Weekly Delaware State journal and statesman</subfield><subfield code="x">2574-6707</subfield><subfield code="w">(DLC)sn 88053132</subfield><subfield code="w">(OCoLC)18801561</subfield></datafield></record>